@book{martin1983managing,
  title={Managing the Data Base Environment},
  author={Martin, J.},
  isbn={9780135505823},
  lccn={82016622},
  series={A James Martin book},
  year={1983},
  publisher={Pearson Education, Limited}
}
@book{cockburn2000writing,
  title={Writing Effective Use Cases},
  author={Cockburn, A.},
  isbn={9780321605801},
  series={Crystal series for software development},
  year={2000},
  publisher={Pearson Education}
}

@book{mitCrc,
  title={Bits, Signals, and Packets},
  author={Balakrishnan, Hari},
  series={An Introduction to Digital Communications and Networks},
  year={2012},
  publisher={M.I.T. Department of EECS}
}

@book{analogTeknik,
  title={Analog-og digitalteknik},
  author={Kurt Bodi},
  year={1995},
  ISBN={9788774632504}
}

@online{crcExample,
  author = {Dr. Mark Humphrys},
  title = {Polynomial codes for error detection},
  year = 1987,
  url = {http://computing.dcu.ie/~humphrys/Notes/Networks/data.polynomial.html},
  urldate = {2014-05-16}
}

@online{rup,
  author = {IBM},
  title = {IBM Rational Unified Process (RUP)},
  year = 2014,
  url = {http://www-01.ibm.com/software/rational/rup/},
  urldate = {2014-05-22}
}
  			

@online{SensorInterface,
      author = {National Instruments},
      title = {Fundamentals, System Design, and Setup for the 4 to 20 mA Current Loop},
      year = {2012},
      url = {http://www.ni.com/white-paper/6940/en}
}

@online{MotorControl,
      author = {Lin Engineering},
      title = {Step Motor Basics},
      year = {Seen: 2014},
      url = {http://www.linengineering.com/line/contents/stepmotors/pdf/product_guides/lin_rg_stepmotorbasics.pdf}
}


% ___________________________________________________________________________________________________
%
%								Background
% ___________________________________________________________________________________________________


%   				\cite{SolarCalculations}
@Cite{SolarCalculations,
      author = "SolarChoice Tm",
      title = "Performance of solar trackers",
      year = "Seen: 2014",
      url = "http://www.solarchoice.net.au/blog/solar-trackers/l"
}

%				  \cite{SunCalk}
@Cite{SunCalk,
      author = "Vladimir Agafonkin",
      title = " Sun movement and sunlight phases during the given day and location. ",
      year = "Seen: 2014",
      url = "http://suncalc.net/#/51.508,-0.125,8/2014.04.14/14:47"
}

% 				   \cite{FacingTheSun}
@Cite{FacingTheSun,
      author = "David Appleyard",
      title = "article from renewableenergyworld.com (renewable energy world)",
      year = "Seen: 2014",
      url = "http://www.renewableenergyworld.com/rea/news/article/2009/06/solar-trackers-facing-the-sun"
}

% 				  \cite{UseOfSolarPower}
@Cite{UseOfSolarPower,
      author = "Timothy Thiele",
      title = "article from About.com (Top 10 Solar Energy Uses)",
      year = "Seen: 2014",
      url = "http://electrical.about.com/od/appliances/tp/Top-10-Solar-Energy-Uses.htm"
}

% 				  \cite{WithoutElectricity}
@Cite{WithoutElectricity,
      author = "Emily Badger",
      title = "article from theatlanticcities.com (Live Without Electricity)",
      year = "Seen: 2014",
      url = "http://www.theatlanticcities.com/jobs-and-economy/2013/06/where-billion-people-still-live-without-electricity/5807/"
}

% 				  \cite{Environment}
@Cite{Environment,
      author = "Larry West",
      title = "article from About.com (Environmental Issues)",
      year = "Seen: 2014",
      url = "http://environment.about.com/od/renewableenergy/a/solar_power.htm"
}
% ___________________________________________________________________________________________________
%
%								Sun Sensor
% ___________________________________________________________________________________________________

%				\cite{Analogteknik}
@book{Analogteknik,
  title={Analogteknik},
  author={Tore Skogberg},
  series={T-500},
  year={2014},
  publisher={none}
}

%				  \cite{WikiSun}
@Cite{WikiSun,
      author = "None",
      title = " Sunlight composition and power ",
      year = "Seen: 2014",
      url = " http://en.wikipedia.org/wiki/Sunlight "
}

%				  \cite{Astronomy}
@Cite{Astronomy,
      author = " None",
      title = " The electromagnetic spectrum",
      year = "Seen: 2014",
      url = "http://csep10.phys.utk.edu/astr162/lect/index.html"
}

%				  \cite{WikiLux}
@Cite{WikiLux,
      author = " None",
      title = "Facts about the lux scale",
      year = "Seen: 2014",
      url = " http://en.wikipedia.org/wiki/Lux "
}

%				  \cite{Lab}
@Cite{Lab,
      author = " Torben og Heidi",
      title = " the cite of the lab at the University",
      year = "Seen: 2014",
      url = " http://kurser.iha.dk/eit/eit-lab/"
}

%				  \cite{photodiode}
@book{photodiode,
  title={BPW34},
  author={Siemens},
  series={BPW34},
  year={2014},
  publisher={Siemens}
}


 ___________________________________________________________________________________________________
%
%								MPPT
% __________________________________________________________________________________________________

%				  \cite{PeakPower}
@Cite{PeakPower,
      author = " Steven K. Roberts Nomadic Research Labs",
      title = " Peak Power Tracker Project",
      year = "3/14/97",
      %url = "http://www.timnolan.com/uploads/Arduino%20Solar/Peak%20Power%20Tracking%20article.pdf"
}
%				  \cite{PeakPowerCode}
@Cite{PeakPowerCode,
      author = "Tim Nolan",
      title = " Arduino Peak Power Tracking Solar Charger",
      year = "5/1/09",
      %url = "http://www.timnolan.com/uploads/Arduino%20Solar/ppt.pde"
}
% __________________________________________________________________________________________________
%
%								Cypress DataSheets
% ___________________________________________________________________________________________________

%				  \cite{AMuxSeq}
@Cite{AMuxSeqr,
      author = "Cypress Semiconductor",
      title = "Analog Multiplexer Seqencer v1.80",
      document nr. = "001-87569",
      year = "8/14/13"
}
%				  \cite{I2C}
@Cite{I2C,
      author = "Cypress Semiconductor",
      title = " Master/Multi-Master/Slave v3.30",
      document nr. = "001-85024",
      year = "12/10/12"
}
%				  \cite{PSoC3}
@Cite{PSoC3,
      author = "Ross Fosler, Cypress Semi Conductor",
      title = "Getting Started with PSOC 3 AN54181",
      document nr. = "001-54181",
      year = "11/23/12"
}
%				  \cite{MPPT}
@Cite{MPPT,
      author = "Anshul Gulati and Srinivas NVNS, Cypress Semi Conductor",
      title = "MPPT Solar Charger with Integrated LED Driver AN56778",
      document nr. = "001-56778",
      year = "2012"
}
%				  \cite{L297}
@Cite{L297,
      author = "STMicroelectronics",
      title = "Stepper motor controllers",
      year = "2001"
}
%				  \cite{L298}
@Cite{L298,
      author = "STMicroelectronics",
      title = "Dual full-bridge driver",
      year = "2000"
}
%				  \cite{SY35ST28}
@Cite{SY35ST28,
      author = "SOYO",
      title = "35mm 2 Phase Hybrid Stepping Motor",
}
%				  \cite{Motorslide}
@Cite{Motorslide,
      author = "Michael Alrøe",
      title = "Controlling Motors",
      year = "07-04-2014"
}
% ___________________________________________________________________________________________________

% ISE Kompendium. used in project execution to explain RUP

@book{ISEkompendium,
    author    = "Aarhus School of Engineering ",
    title     = "T-006. Compendium",
    year      = "2012",
}

% ___________________________________________________________________________________________________
%
%									Epsoc
% ___________________________________________________________________________________________________
%				  \cite{Epsoc}
@Cite{Epsoc,
      author = "Epsoc",
      title = "EPCOS Data Book 2013",
      % document nr. = "001-87569",
      %year = "8/14/13"
      url = "http://www.epcos.com/blob/519704/download/2/ferrites-and-accessories-data-book-130501.pdf"
}
___________________________________________________________________________________________________
%
%									MOSFET
% ___________________________________________________________________________________________________
%				  \cite{MOSFET}
@Cite{MOSFET,
      author = "International IOR Rectifier",
      title = "IRLZ44N",
      document nr. = "PD - 9.1346B",
      %year = "8/14/13"
      url = "http://blog.spitzenpfeil.org/wordpress/wp-content/uploads/2008/11/irlz44n.pdf"
}
___________________________________________________________________________________________________
%
%									Diode
% ___________________________________________________________________________________________________
%				  \cite{Diode}
@Cite{Diode,
      author = "FAIRCHILD",
      title = "1N5820",
     document nr. = "H4",
    %year = "8/14/13"
      url = "https://www.fairchildsemi.com/ds/1N/1N5822.pdf"
}
___________________________________________________________________________________________________
%
%									MOSFET driver
% ___________________________________________________________________________________________________
%				  \cite{MOSFETdriver}
@Cite{MOSFETdriver,
      author = "International IOR Rectifier",
      title = "IR2117(S)/IR2118(S)",
      %document nr. = ". PD60146",
      year = "5/14/2007"
      url = "http://www.irf.com/product-info/datasheets/data/ir2117.pdf"
}
___________________________________________________________________________________________________
%
%								         Application note
% ___________________________________________________________________________________________________
%				  \cite{Applicationnote}
@Cite{Applicationnote	,
      author = "International IOR Rectifier",
      title = "Application Note AN-978",
      %document nr. = "H4",
      year = "3/23/2007"
      url = "http://www.irf.com/technical-info/appnotes/an-978.pdf"
}





